@inproceedings{triess2020,
  title={{Scan-based Semantic Segmentation of LiDAR Point Clouds: An Experimental Study}},
  author={Triess, Larissa T. and Peter, David and Rist, Christoph B. and Z\"ollner, J. Marius},
  year={2020},
  address_if_no_corona = {Las Vegas, NV, USA},
  booktitle = {Proceedings of the IEEE Intelligent Vehicles Symposium Robotics},
  month     = {October},
  pages     = {1116--1121}
}
